<?xml version="1.0" encoding="utf-8"?>
<record xmlns="http://www.loc.gov/MARC21/slim" xmlns:xsi="http://www.w3.org/2001/XMLSchema-instance" xsi:schemaLocation="http://www.loc.gov/MARC21/slim http://www.loc.gov/standards/marcxml/schema/MARC21slim.xsd">
	<leader>     nam a22     Mi 4500</leader>
	<controlfield tag="001">439048</controlfield>
	<controlfield tag="003">NjP</controlfield>
	<controlfield tag="006">m        d        </controlfield>
	<controlfield tag="007">cr cn |||m|||a</controlfield>
	<controlfield tag="008">180802s1984    ir a    ob    001 0 ara d</controlfield>
	<datafield ind1="7" ind2=" " tag="024">
		<subfield code="a">princeton_aco001041</subfield>
		<subfield code="2">local</subfield>
	</datafield>
	<datafield ind1=" " ind2=" " tag="040">
		<subfield code="a">ZYU</subfield>
		<subfield code="b">eng</subfield>
		<subfield code="c">ZYU</subfield>
	</datafield>
	<datafield ind1=" " ind2="4" tag="050">
		<subfield code="a">BP135.A2</subfield>
		<subfield code="b"> I262 1984</subfield>
	</datafield>
	<datafield ind1=" " ind2=" " tag="079">
		<subfield code="a">ocm25606519</subfield>
	</datafield>
	<datafield ind1="1" ind2=" " tag="100">
		<subfield code="6">880-01</subfield>
		<subfield code="a">Ibn Zuhrah al-Ḥalabī, Muḥammad ibn ʻAbd Allāh,</subfield>
		<subfield code="d">approximately 1169-approximately 1241.</subfield>
	</datafield>
	<datafield ind1="1" ind2="3" tag="245">
		<subfield code="6">880-02</subfield>
		<subfield code="a">al-Arbaʻūn ḥadīth fī ḥuqūq al-ikhwān</subfield>
		<subfield code="h">[electronic resource] /</subfield>
		<subfield code="c">lil-Sayyid Muḥyī al-Dīn Muḥammad ibn ʻAbd Allāh al-Ḥusaynī al-maʻrūf bi-Ibn Zuhrah al-Ḥalabī ; taḥqīq Nabīl Riḍā ʻAlwān.</subfield>
	</datafield>
	<datafield ind1=" " ind2=" " tag="260">
		<subfield code="6">880-03</subfield>
		<subfield code="a">[Iran] :</subfield>
		<subfield code="b">[publisher not identified],</subfield>
		<subfield code="c">1405 [1984 or 1985]</subfield>
		<subfield code="e">(Qum :</subfield>
		<subfield code="f">Muhr)</subfield>
	</datafield>
	<datafield ind1=" " ind2=" " tag="300">
		<subfield code="a">online resource (107 p.) :</subfield>
		<subfield code="b">ill.</subfield>
	</datafield>
	<datafield ind1=" " ind2=" " tag="500">
		<subfield code="a">Part of the Arabic Collections Online (ACO) project, contributed by Princeton University Libraries.</subfield>
	</datafield>
	<datafield ind1=" " ind2=" " tag="504">
		<subfield code="a">Includes bibliographical references (p. [102]-107) and indexes.</subfield>
	</datafield>
	<datafield ind1=" " ind2=" " tag="533">
		<subfield code="a">Electronic reproduction.</subfield>
		<subfield code="b">New York, N.Y. :</subfield>
		<subfield code="c">New York University,</subfield>
		<subfield code="d">2018.</subfield>
		<subfield code="5">NNU</subfield>
	</datafield>
	<datafield ind1=" " ind2="0" tag="650">
		<subfield code="a">Hadith</subfield>
		<subfield code="x">Early works to 1800.</subfield>
		<subfield code="0">(uri)http://id.loc.gov/authorities/subjects/sh86008156</subfield>
	</datafield>
	<datafield ind1=" " ind2="0" tag="650">
		<subfield code="a">Islamic ethics</subfield>
		<subfield code="x">Early works to 1800.</subfield>
		<subfield code="0">(uri)http://id.loc.gov/authorities/subjects/sh2008104964</subfield>
	</datafield>
	<datafield ind1="1" ind2=" " tag="700">
		<subfield code="6">880-04</subfield>
		<subfield code="a">ʻAlwān, Nabīl Riḍā.</subfield>
	</datafield>
	<datafield ind1="2" ind2=" " tag="710">
		<subfield code="a">Princeton University.</subfield>
		<subfield code="b">Library.</subfield>
	</datafield>
	<datafield ind1="0" ind2=" " tag="730">
		<subfield code="a">Arabic Collections Online.</subfield>
	</datafield>
	<datafield ind1="0" ind2="8" tag="776">
		<subfield code="i">Print version:</subfield>
		<subfield code="a">Ibn Zuhrah al-Ḥalabī, Muḥammad ibn ʻAbd Allāh, approximately 1169-approximately 1241.</subfield>
		<subfield code="t">al-Arbaʻūn ḥadīth fī ḥuqūq al-ikhwān</subfield>
		<subfield code="w">(NjP)439048</subfield>
	</datafield>
	<datafield ind1="4" ind2="0" tag="856">
		<subfield code="u">http://hdl.handle.net/2333.1/np5hqjmw</subfield>
	</datafield>
	<datafield ind1="1" ind2=" " tag="880">
		<subfield code="6">100-01</subfield>
		<subfield code="a">ابن زهرة الحلبي، محمد بن عبد الله،‎</subfield>
		<subfield code="d">approximately 1169-approximately 1241.</subfield>
	</datafield>
	<datafield ind1="1" ind2="2" tag="880">
		<subfield code="6">245-02</subfield>
		<subfield code="a">الاربعون حديث في حقوق الاخوان /‎</subfield>
		<subfield code="c">للسيد محيي الدين محمد بن عبد الله الحسيني المعروف بابن زهرة الحلبي ؛ تحقيق نبيل رضا علوان.‎</subfield>
	</datafield>
	<datafield ind1=" " ind2=" " tag="880">
		<subfield code="6">260-03</subfield>
		<subfield code="a">[Iran] :</subfield>
		<subfield code="b">[publisher not identified],</subfield>
		<subfield code="c">1405 [1984 or 1985]</subfield>
		<subfield code="e">(قم :‎</subfield>
		<subfield code="f">مهر)‎</subfield>
	</datafield>
	<datafield ind1="1" ind2=" " tag="880">
		<subfield code="6">700-04</subfield>
		<subfield code="a">علوان، نبيل رضا.‎</subfield>
	</datafield>
	<datafield ind1=" " ind2=" " tag="911">
		<subfield code="a">19921028</subfield>
	</datafield>
	<datafield ind1=" " ind2=" " tag="912">
		<subfield code="a">19920324000000.0</subfield>
	</datafield>
	<datafield ind1=" " ind2=" " tag="959">
		<subfield code="a">NNU</subfield>
		<subfield code="b">WEB</subfield>
		<subfield code="c">GENI</subfield>
		<subfield code="t">0</subfield>
		<subfield code="m">Electronic access</subfield>
		<subfield code="s">01</subfield>
	</datafield>
	<datafield ind1=" " ind2=" " tag="999">
		<subfield code="a">439048</subfield>
		<subfield code="e">(ERROR-880)(ERROR-MISC)</subfield>
		<subfield code="i">NjP_439048</subfield>
		<subfield code="s">princeton_aco001041</subfield>
	</datafield>
</record>
